<collection xmlns="http://www.loc.gov/MARC21/slim"><record><leader>00790nam  2200229   450</leader><controlfield tag="001">885</controlfield><controlfield tag="003">http://montalegre.opacnet.com/OPAC/default.aspx?ContentAreaControl=ShowRegHoldings.ascx&amp;RegNo=16662</controlfield><controlfield tag="005">20</controlfield><datafield tag="100" ind1=" " ind2=" "><subfield code="a">20061013d1984    a  y0pora010305  ba</subfield></datafield><datafield tag="101" ind1="0" ind2=" "><subfield code="a">por</subfield></datafield><datafield tag="102" ind1=" " ind2=" "><subfield code="a">PT</subfield></datafield><datafield tag="200" ind1="1" ind2=" "><subfield code="a">15 portugueses no mundo</subfield><subfield code="f">coord. e selecção de textos de Maria Adelaide Couto Viana</subfield><subfield code="g">il. Augusto Trigo</subfield></datafield><datafield tag="210" ind1=" " ind2=" "><subfield code="a">Lisboa</subfield><subfield code="c">Verbo</subfield><subfield code="d">imp. 1984</subfield></datafield><datafield tag="215" ind1=" " ind2=" "><subfield code="a">250 p.</subfield><subfield code="c">il.</subfield><subfield code="d">21 cm</subfield></datafield><datafield tag="225" ind1="2" ind2=" "><subfield code="a">Série 15</subfield><subfield code="v">49</subfield></datafield><datafield tag="606" ind1=" " ind2=" "><subfield code="a">Literatura juvenil</subfield></datafield><datafield tag="675" ind1=" " ind2=" "><subfield code="a">087.5</subfield></datafield><datafield tag="702" ind1=" " ind2="1"><subfield code="a">Viana</subfield><subfield code="b">Maria Adelaide Couto</subfield><subfield code="f">1921-1990</subfield><subfield code="4">220</subfield></datafield><datafield tag="702" ind1=" " ind2="1"><subfield code="a">Trigo</subfield><subfield code="b">Augusto</subfield><subfield code="f">1938-</subfield><subfield code="4">440</subfield></datafield><datafield tag="801" ind1=" " ind2="0"><subfield code="a">PT</subfield><subfield code="b">Biblioteca Municipal de Montalegre</subfield><subfield code="g">RPC</subfield></datafield><datafield tag="856" ind1=" " ind2=" "><subfield code="u">locateMedia.asp?cod=20060628095756&amp;ext=jpg</subfield><subfield code="z">CAPA</subfield></datafield><datafield tag="909" ind1="&#9;" ind2=" "><subfield code="a">2</subfield></datafield><datafield tag="966" ind1=" " ind2=" "><subfield code="a">0003090</subfield><subfield code="l">BMM</subfield><subfield code="s">SJ 087.5 VIA por 49</subfield></datafield><datafield tag="966" ind1=" " ind2=" "><subfield code="a">1003481</subfield><subfield code="l">BEM</subfield><subfield code="s">BEM 087.5 VIA</subfield></datafield></record></collection>